@misc{zhihu144536388,
  author={做你的猫},
  title={非线性方程求根},
  year="2022",
  howpublished = "\url{https://zhuanlan.zhihu.com/p/144536388}",
  note = "[Online; accessed 1-July-2022]"
}

@phdthesis{re1,
    author={管慧莹},
    title = {求解非线性方程的两种迭代算法},
    School = {哈尔滨理工大学},
    type = {硕士},
    year = {2020},
    publisher = {},
}

@book{re2,
  author = {陈纪修}, 
  title = {数学分析（上）},
  publisher = {高等教育出版社},
  year = {2019},
}

@book{re3,
  author = {Mark Galassi}, 
  title = {GNU Scientific Library},
  publisher = {Online},
  year = {2021},
}