@article{abcd2022,
  title={"大数据杀熟"的现状,问题与对策分析},
  author={胥雅楠 and 王倩倩 and 董润 and 汪辛怡 and 吴峥},
  journal={改革与开放},
  number={1},
  pages={6},
  year={2019},
}