@book{朱华2011分形理论及其应用,
  title={分形理论及其应用},
  author={朱华 and 姬翠翠},
  publisher={分形理论及其应用},
  year={2011},
}

@misc{enwiki:1094796296,
  author = "{Wikipedia contributors}",
  title = "Mandelbrot set --- {Wikipedia}{,} The Free Encyclopedia",
  year = "2022",
  howpublished = "\url{https://en.wikipedia.org/w/index.php?title=Mandelbrot_set&oldid=1094796296}",
  note = "[Online; accessed 1-July-2022]"
}
