@article{qiu2012,
  title={基于云存储的个人数据安全保护机制},
  author={邱柏云},
  journal={电脑知识与技术：学术版},
  number={5X},
  pages={4},
  year={2012},
}